@article{ondov2016mash,
  title={Mash: fast genome and metagenome distance estimation using MinHash},
  author={Ondov, Brian D and Treangen, Todd J and Melsted, P{\'a}ll and Mallonee, Adam B and Bergman, Nicholas H and Koren, Sergey and Phillippy, Adam M},
  journal={Genome biology},
  volume={17},
  number={1},
  pages={132},
  year={2016},
  publisher={BioMed Central}
}
@article{solomon2016fast,
  title={Fast search of thousands of short-read sequencing experiments},
  author={Solomon, Brad and Kingsford, Carl},
  journal={Nature biotechnology},
  volume={34},
  number={3},
  pages={300},
  year={2016},
  publisher={Nature Publishing Group}
}
@article{boveefinch,
  title={Finch: a tool adding dynamic abundance filtering to genomic MinHashing},
  author={Bovee, Roderick and Greenfield, Nick},
  volume={3},
  number={22},
  pages={505},
  year={2018},
}
@article{brown2016sourmash,
  title={sourmash: a library for MinHash sketching of DNA},
  author={Brown, C Titus and Irber, Luiz},
  journal={The Journal of Open Source Software},
  volume={1},
  number={5},
  year={2016}
}
@inproceedings{broder1997resemblance,
  title={On the resemblance and containment of documents},
  author={Broder, Andrei Z},
  booktitle={Compression and complexity of sequences 1997. proceedings},
  pages={21--29},
  year={1997},
  organization={IEEE}
}
@article{Matsakis:2014:RL:2692956.2663188,
 author = {Matsakis, Nicholas D. and Klock,II, Felix S.},
 title = {The Rust Language},
 journal = {Ada Lett.},
 issue_date = {December 2014},
 volume = {34},
 number = {3},
 month = oct,
 year = {2014},
 issn = {1094-3641},
 pages = {103--104},
 numpages = {2},
 url = {http://doi.acm.org/10.1145/2692956.2663188},
 doi = {10.1145/2692956.2663188},
 acmid = {2663188},
 publisher = {ACM},
 address = {New York, NY, USA},
 keywords = {affine type systems, memory management, rust, systems programming},
}
@article{wood2014kraken,
  title={Kraken: ultrafast metagenomic sequence classification using exact alignments},
  author={Wood, Derrick E and Salzberg, Steven L},
  journal={Genome biology},
  volume={15},
  number={3},
  pages={R46},
  year={2014},
  publisher={BioMed Central}
}
@article{lu2017bracken,
  title={Bracken: estimating species abundance in metagenomics data},
  author={Lu, Jennifer and Breitwieser, Florian P and Thielen, Peter and Salzberg, Steven L},
  journal={PeerJ Computer Science},
  volume={3},
  pages={e104},
  year={2017},
  publisher={PeerJ Inc.}
}
@article{conesa2016survey,
  title={A survey of best practices for RNA-seq data analysis},
  author={Conesa, Ana and Madrigal, Pedro and Tarazona, Sonia and Gomez-Cabrero, David and Cervera, Alejandra and McPherson, Andrew and Szcze{\'s}niak, Micha{\l} Wojciech and Gaffney, Daniel J and Elo, Laura L and Zhang, Xuegong and others},
  journal={Genome biology},
  volume={17},
  number={1},
  pages={13},
  year={2016},
  publisher={BioMed Central}
}
@article{schurch2016many,
  title={How many biological replicates are needed in an RNA-seq experiment and which differential expression tool should you use?},
  author={Schurch, Nicholas J and Schofield, Piet{\'a} and Gierli{\'n}ski, Marek and Cole, Christian and Sherstnev, Alexander and Singh, Vijender and Wrobel, Nicola and Gharbi, Karim and Simpson, Gordon G and Owen-Hughes, Tom and others},
  journal={Rna},
  year={2016},
  publisher={Cold Spring Harbor Lab}
}
@article{crusoe2015khmer,
  title={The khmer software package: enabling efficient nucleotide sequence analysis},
  author={Crusoe, Michael R and Alameldin, Hussien F and Awad, Sherine and Boucher, Elmar and Caldwell, Adam and Cartwright, Reed and Charbonneau, Amanda and Constantinides, Bede and Edvenson, Greg and Fay, Scott and others},
  journal={F1000Research},
  volume={4},
  year={2015},
  publisher={Faculty of 1000 Ltd}
}
@article{bolger2014trimmomatic,
  title={Trimmomatic: a flexible trimmer for Illumina sequence data},
  author={Bolger, Anthony M and Lohse, Marc and Usadel, Bjoern},
  journal={Bioinformatics},
  volume={30},
  number={15},
  pages={2114--2120},
  year={2014},
  publisher={Oxford University Press}
}
@article{patro2017salmon,
  title={Salmon provides fast and bias-aware quantification of transcript expression},
  author={Patro, Rob and Duggal, Geet and Love, Michael I and Irizarry, Rafael A and Kingsford, Carl},
  journal={Nature methods},
  volume={14},
  number={4},
  pages={417},
  year={2017},
  publisher={Nature Publishing Group}
}
@article{robinson2010edger,
  title={edgeR: a Bioconductor package for differential expression analysis of digital gene expression data},
  author={Robinson, Mark D and McCarthy, Davis J and Smyth, Gordon K},
  journal={Bioinformatics},
  volume={26},
  number={1},
  pages={139--140},
  year={2010},
  publisher={Oxford University Press}
}
% cite something else for tetranucleotide frequency?
@article{Albertsen2013,
  doi = {10.1038/nbt.2579},
  url = {https://doi.org/10.1038/nbt.2579},
  year  = {2013},
  month = {may},
  publisher = {Springer Nature},
  volume = {31},
  number = {6},
  pages = {533--538},
  author = {Mads Albertsen and Philip Hugenholtz and Adam Skarshewski and K{\aa}re L Nielsen and Gene W Tyson and Per H Nielsen},
  title = {Genome sequences of rare,  uncultured bacteria obtained by differential coverage binning of multiple metagenomes},
  journal = {Nature Biotechnology}
}

@article {Koslicki184150,
	author = {Koslicki, David and Zabeti, Hooman},
	title = {Improving Min Hash via the Containment Index with applications to Metagenomic Analysis},
	elocation-id = {184150},
	year = {2017},
	doi = {10.1101/184150},
	publisher = {Cold Spring Harbor Laboratory},
	abstract = {Min hash is a probabilistic method for estimating the similarity of two sets in terms of their Jaccard index, defined as the ration of the size of their intersection to their union. We demonstrate that this method performs best when the sets under consideration are of similar size and the performance degrades considerably when the sets are of very different size. We introduce a new and efficient approach, called the containment min hash approach, that is more suitable for estimating the Jaccard index of sets of very different size. We accomplish this by leveraging another probabilistic method (in particular, Bloom filters) for fast membership queries. We derive bounds on the probability of estimate errors for the containment min hash approach and show it significantly improves upon the classical min hash approach. We also show significant improvements in terms of time and space complexity. As an application, we use this method to detect the presence/absence of organisms in a metagenomic data set, showing that it can detect the presence of very small, low abundance microorganisms.},
	URL = {https://www.biorxiv.org/content/early/2017/09/04/184150},
	eprint = {https://www.biorxiv.org/content/early/2017/09/04/184150.full.pdf},
	journal = {bioRxiv}
}
@article{berlin2015assembling,
  title={Assembling large genomes with single-molecule sequencing and locality-sensitive hashing},
  author={Berlin, Konstantin and Koren, Sergey and Chin, Chen-Shan and Drake, James P and Landolin, Jane M and Phillippy, Adam M},
  journal={Nature biotechnology},
  volume={33},
  number={6},
  pages={623},
  year={2015},
  publisher={Nature Publishing Group}
}
@article{rowe2018streaming,
  title={Streaming histogram sketching for rapid microbiome analytics},
  author={Rowe, Will PM and Carrieri, Anna Paola and Alcon-Giner, Cristina and Caim, Shabhonam and Shaw, Alex and Sim, Kathleen and Kroll, J Simon and Hall, Lindsay and Pyzer-Knapp, Edward O and Winn, Martyn D},
  journal={bioRxiv},
  pages={408070},
  year={2018},
  publisher={Cold Spring Harbor Laboratory}
}
@misc{mash_screen, 
title={Mash Screen: what's in my sequencing run?}, url={https://genomeinformatics.github.io/mash-screen/},
year={2017}, 
month={Sept}
}
@article{zhao2018bindash,
  title={BinDash, software for fast genome distance estimation on a typical personal laptop},
  author={Zhao, XiaoFei},
  journal={Bioinformatics},
  year={2018}
}

% cite something else for SRA size?
@misc{ncbi_2018, 
title={Sequence Read Archive Overview}, url={https://trace.ncbi.nlm.nih.gov/Traces/sra/sra.cgi},
journal={National Center for Biotechnology Information},
publisher={U.S. National Library of Medicine},
year={2018}, 
month={Dec}
}

@article{baker2018dashing,
  title={Dashing: Fast and Accurate Genomic Distances with HyperLogLog},
  author={Baker, Daniel N and Langmead, Benjamin},
  journal={BioRxiv},
  pages={501726},
  year={2018},
  publisher={Cold Spring Harbor Laboratory}
}

@article{koslicki2016metapalette,
  title={MetaPalette: A K-mer painting approach for metagenomic taxonomic profiling and quantification of novel strain variation},
  author={Koslicki, David and Falush, Daniel},
  journal={mSystems},
  volume={1},
  number={3},
  pages={e00020--16},
  year={2016},
  publisher={Am Soc Microbiol}
}
@article{kim2016centrifuge,
  title={Centrifuge: rapid and sensitive classification of metagenomic sequences},
  author={Kim, Daehwan and Song, Li and Breitwieser, Florian P and Salzberg, Steven L},
  journal={Genome research},
  year={2016},
  publisher={Cold Spring Harbor Lab}
}
@article{peabody2015evaluation,
  title={Evaluation of shotgun metagenomics sequence classification methods using in silico and in vitro simulated communities},
  author={Peabody, Michael A and Van Rossum, Thea and Lo, Raymond and Brinkman, Fiona SL},
  journal={BMC bioinformatics},
  volume={16},
  number={1},
  pages={362},
  year={2015},
  publisher={BioMed Central}
}
@article{schaeffer2017pseudoalignment,
  title={Pseudoalignment for metagenomic read assignment},
  author={Schaeffer, Lorian and Pimentel, Harold and Bray, Nicolas and Melsted, P{\'a}ll and Pachter, Lior},
  journal={Bioinformatics},
  volume={33},
  number={14},
  pages={2082--2088},
  year={2017},
  publisher={Oxford University Press}
}

@article{salvatore2018beware,
  title={Beware the Jaccard: the choice of metric is important and non-trivial in genomic colocalisation analysis.},
  author={Salvatore, Stefania and Rand, Knut Dagestad and Grytten, Ivar and Ferkingstad, Egil and Domanska, Diana Eva and Holden, Lars and Gheorghe, Marius and Mathelier, Anthony and Glad, Ingrid and Sandve, Geir Kjetil},
  journal={bioRxiv},
  pages={479253},
  year={2018},
  publisher={Cold Spring Harbor Laboratory}
}

@article{Pride2003,
  doi = {10.1101/gr.335003},
  url = {https://doi.org/10.1101/gr.335003},
  year  = {2003},
  month = {jan},
  publisher = {Cold Spring Harbor Laboratory},
  volume = {13},
  number = {2},
  pages = {145--158},
  author = {D. T. Pride},
  title = {Evolutionary Implications of Microbial Genome Tetranucleotide Frequency Biases},
  journal = {Genome Research}
}

@article{Reiter2018,
  doi = {10.1101/499541},
  url = {https://doi.org/10.1101/499541},
  year  = {2018},
  month = {dec},
  publisher = {Cold Spring Harbor Laboratory},
  author = {Taylor Reiter and C. Titus Brown},
  title = {Microbial contamination in the genome of the domesticated olive}
}

@article{Awad2017,
  doi = {10.1101/155358},
  url = {https://doi.org/10.1101/155358},
  year  = {2017},
  month = {jun},
  publisher = {Cold Spring Harbor Laboratory},
  author = {Sherine Awad and Luiz Irber and C. Titus Brown},
  title = {Evaluating Metagenome Assembly on a Simple Defined Community with Many Strain Variants}
}

@article{Shakya2013,
  doi = {10.1111/1462-2920.12086},
  url = {https://doi.org/10.1111/1462-2920.12086},
  year  = {2013},
  month = {feb},
  publisher = {Wiley},
  volume = {15},
  number = {6},
  pages = {1882--1899},
  author = {Migun Shakya and Christopher Quince and James H. Campbell and Zamin K. Yang and Christopher W. Schadt and Mircea Podar},
  title = {Comparative metagenomic and {rRNA} microbial diversity characterization using archaeal and bacterial synthetic communities},
  journal = {Environmental Microbiology}
}
